
NUMPY  ==========================================================

@book{oliphant_numpy_2006,
  title={A guide to NumPy},
  author={Oliphant, Travis E},
  volume={1},
  year={2006},
  publisher={Trelgol Publishing USA}
}

@ARTICLE{vanderwalt_numpy_2011,
  author={S. {van der Walt} and S. C. {Colbert} and G. {Varoquaux}},
  journal={Computing in Science Engineering},
  title={The NumPy Array: A Structure for Efficient Numerical Computation},
  year={2011},
  volume={13},
  number={2},
  pages={22-30},}


 
ASCL ============================================================

@ARTICLE{allen_ACSL_2016,
       author = {{Allen}, Alice and {Berriman}, G. Bruce and {DuPrie}, Kimberly and
         {Mink}, Jessica and {Nemiroff}, Robert and {Robitaille}, Thomas and
         {Schmidt}, Judy and {Shamir}, Lior and {Shortridge}, Keith and
         {Taylor}, Mark and {Teuben}, Peter and {Wallin}, John},
        title = "{Astrophysics Source Code Library: Here we grow again!}",
      journal = {arXiv e-prints},
     keywords = {Astrophysics - Instrumentation and Methods for Astrophysics},
         year = 2016,
        month = nov,
          eid = {arXiv:1611.06219},
        pages = {arXiv:1611.06219},
archivePrefix = {arXiv},
       eprint = {1611.06219},
 primaryClass = {astro-ph.IM},
       adsurl = {https://ui.adsabs.harvard.edu/abs/2016arXiv161106219A},
      adsnote = {Provided by the SAO/NASA Astrophysics Data System}
}

@INPROCEEDINGS{2012ASPC..461..627A,
       author = {{Allen}, A. and {Teuben}, P. and {Nemiroff}, R.~J. and {Shamir}, L.},
        title = "{Practices in Code Discoverability: Astrophysics Source Code Library}",
     keywords = {Astrophysics - Instrumentation and Methods for Astrophysics},
    booktitle = {Astronomical Data Analysis Software and Systems XXI},
         year = 2012,
       editor = {{Ballester}, P. and {Egret}, D. and {Lorente}, N.~P.~F.},
       series = {Astronomical Society of the Pacific Conference Series},
       volume = {461},
        month = sep,
        pages = {627},
archivePrefix = {arXiv},
       eprint = {1202.1028},
 primaryClass = {astro-ph.IM},
       adsurl = {https://ui.adsabs.harvard.edu/abs/2012ASPC..461..627A},
      adsnote = {Provided by the SAO/NASA Astrophysics Data System}
}

@INPROCEEDINGS{2020ASPC..522..731A,
       author = {{Allen}, Alice and {Berriman}, G. Bruce and {DuPrie}, Kimberly and
         {Mink}, Jessica and {Nemiroff}, Robert and {Schmidt}, Judy and
         {Shamir}, Lior and {Shortridge}, Keith and {Taylor}, M.~B. and
         {Teuben}, Peter},
        title = "{The Astrophysics Source Code Library: What's New, What's Coming}",
    booktitle = {Astronomical Data Analysis Software and Systems XXVII},
         year = 2020,
       editor = {{Ballester}, Pascal and {Ibsen}, Jorge and {Solar}, Mauricio and
         {Shortridge}, Keith},
       series = {Astronomical Society of the Pacific Conference Series},
       volume = {522},
        month = apr,
        pages = {731},
       adsurl = {https://ui.adsabs.harvard.edu/abs/2020ASPC..522..731A},
      adsnote = {Provided by the SAO/NASA Astrophysics Data System}
}

@ARTICLE{2015JORS....3E..15A,
       author = {{Allen}, Alice and {Schmidt}, Judy},
        title = "{Looking before Leaping: Creating a Software Registry}",
      journal = {Journal of Open Research Software},
     keywords = {astronomy, software, software library, software registry, Astrophysics - Instrumentation and Methods for Astrophysics, Computer Science - Digital Libraries},
         year = 2015,
        month = nov,
       volume = {3},
        pages = {E15},
          doi = {10.5334/jors.bv},
archivePrefix = {arXiv},
       eprint = {1407.5378},
 primaryClass = {astro-ph.IM},
       adsurl = {https://ui.adsabs.harvard.edu/abs/2015JORS....3E..15A},
      adsnote = {Provided by the SAO/NASA Astrophysics Data System}
}



TESTING  ========================================================

@INPROCEEDINGS{jazayeri_engeneering_2007,
  author={M. {Jazayeri}},
  booktitle={Future of Software Engineering (FOSE '07)},
  title={Some Trends in Web Application Development},
  year={2007},
  volume={},
  number={},
  pages={199-213},}


@article{miller_testing_1963,
author = {Miller, Joan C. and Maloney, Clifford J.},
title = {Systematic Mistake Analysis of Digital Computer Programs},
year = {1963},
issue_date = {Feb. 1963},
publisher = {Association for Computing Machinery},
address = {New York, NY, USA},
volume = {6},
number = {2},
issn = {0001-0782},
url = {https://doi.org/10.1145/366246.366248},
doi = {10.1145/366246.366248},
journal = {Commun. ACM},
month = feb,
pages = {58â€“63},
numpages = {6}
}



